<collection xmlns="http://www.loc.gov/MARC21/slim"><record><leader>00698nam  2200217   450</leader><controlfield tag="001">121</controlfield><controlfield tag="003">http://montalegre.opacnet.com/OPAC/default.aspx?ContentAreaControl=ShowRegHoldings.ascx&amp;RegNo=16662</controlfield><datafield tag="021" ind1=" " ind2=" "><subfield code="a">PT</subfield><subfield code="b">14931/87</subfield></datafield><datafield tag="100" ind1=" " ind2=" "><subfield code="a">20061013d1971    am y0pora010305  ba</subfield></datafield><datafield tag="101" ind1="1" ind2=" "><subfield code="a">por</subfield><subfield code="c">fre</subfield></datafield><datafield tag="102" ind1=" " ind2=" "><subfield code="a">PT</subfield></datafield><datafield tag="200" ind1="1" ind2=" "><subfield code="a">&lt;O &gt;amor louco</subfield><subfield code="f">André Breton</subfield><subfield code="g">trad. Luísa Neto Jorge</subfield></datafield><datafield tag="210" ind1=" " ind2=" "><subfield code="a">Lisboa</subfield><subfield code="c">Estampa</subfield><subfield code="d">1971</subfield></datafield><datafield tag="215" ind1=" " ind2=" "><subfield code="a">158p.</subfield><subfield code="c">il.</subfield><subfield code="d">21 cm</subfield></datafield><datafield tag="225" ind1="2" ind2=" "><subfield code="a">Ficções</subfield><subfield code="v">1</subfield></datafield><datafield tag="304" ind1=" " ind2=" "><subfield code="a">Tít. orig.: L'amour fou</subfield></datafield><datafield tag="675" ind1=" " ind2=" "><subfield code="a">821</subfield><subfield code="v">BN</subfield><subfield code="z">por</subfield></datafield><datafield tag="700" ind1=" " ind2="1"><subfield code="a">Breton</subfield><subfield code="b">André</subfield><subfield code="f">1896-1966</subfield></datafield><datafield tag="702" ind1=" " ind2="1"><subfield code="a">Jorge</subfield><subfield code="b">Luísa Neto</subfield><subfield code="f">1939-1989</subfield><subfield code="4">730</subfield></datafield><datafield tag="801" ind1=" " ind2="0"><subfield code="a">PT</subfield><subfield code="b">Biblioteca Municipal de Montalegre</subfield><subfield code="g">RPC</subfield></datafield><datafield tag="856" ind1=" " ind2=" "><subfield code="u">locateMedia.asp?cod=20060509110418&amp;ext=jpg</subfield><subfield code="z">CAPA</subfield></datafield><datafield tag="909" ind1="&#9;" ind2=" "><subfield code="a">1</subfield></datafield><datafield tag="966" ind1=" " ind2=" "><subfield code="a">0010884</subfield><subfield code="l">BMM</subfield><subfield code="s">SCG 821 BRE amo 1</subfield></datafield></record></collection>